<record><leader>00000cas a2200000 a 4500</leader><controlfield tag="001">11312666</controlfield><controlfield tag="008">841026d19361937ksuer ne      0   a0eng d</controlfield><datafield ind1=" " ind2=" " tag="010"><subfield code="a">sn 84029992 </subfield></datafield><datafield ind1=" " ind2=" " tag="040"><subfield code="a">KSH</subfield><subfield code="b">eng</subfield><subfield code="c">KSH</subfield><subfield code="d">NPT</subfield><subfield code="d">OCL</subfield><subfield code="d">OCLCQ</subfield></datafield><datafield ind1=" " ind2=" " tag="042"><subfield code="a">msc</subfield></datafield><datafield ind1="0" ind2=" " tag="130"><subfield code="a">Adobe (Quinter, Kan.)</subfield></datafield><datafield ind1="1" ind2="4" tag="245"><subfield code="a">The adobe.</subfield></datafield><datafield ind1=" " ind2=" " tag="260"><subfield code="a">Quinter, Kan. :</subfield><subfield code="b">Charles Austin</subfield></datafield><datafield ind1=" " ind2=" " tag="300"><subfield code="a">v. ;</subfield><subfield code="c">28 cm.</subfield></datafield><datafield ind1=" " ind2=" " tag="310"><subfield code="a">Biweekly</subfield></datafield><datafield ind1="1" ind2=" " tag="362"><subfield code="a">Began in 1936; ceased in 1937?</subfield></datafield><datafield ind1=" " ind2=" " tag="500"><subfield code="a">On masthead: CCC Co. 2733.</subfield></datafield><datafield ind1=" " ind2=" " tag="515"><subfield code="a">Issues for Oct. 8 and 30, 1936 both numbered v. 1, no. 16.</subfield></datafield><datafield ind1=" " ind2=" " tag="521"><subfield code="a">"Devoted to the welfare of the camp."</subfield></datafield><datafield ind1=" " ind2=" " tag="588"><subfield code="a">Description based on: Vol. 1, no. 5 (May 7, 1936).</subfield></datafield><datafield ind1=" " ind2=" " tag="752"><subfield code="a">United States</subfield><subfield code="b">Kansas</subfield><subfield code="c">Gove</subfield><subfield code="d">Quinter.</subfield></datafield></record>